<record><leader>00000cas a22000007a 4500</leader><controlfield tag="001">24123969</controlfield><controlfield tag="008">910724d19641964mouwr ne      0    0eng d</controlfield><datafield ind1=" " ind2=" " tag="010"><subfield code="a">sn 91061134 </subfield></datafield><datafield ind1=" " ind2=" " tag="040"><subfield code="a">MQN</subfield><subfield code="b">eng</subfield><subfield code="c">MQN</subfield><subfield code="d">OCLCQ</subfield></datafield><datafield ind1=" " ind2=" " tag="042"><subfield code="a">msc</subfield></datafield><datafield ind1="0" ind2="4" tag="245"><subfield code="a">The Spirit of St. Louis County.</subfield></datafield><datafield ind1="3" ind2="0" tag="246"><subfield code="a">Spirit of Saint Louis County</subfield></datafield><datafield ind1=" " ind2=" " tag="260"><subfield code="a">Ferguson, Mo. :</subfield><subfield code="b">St. Louis County Publisher,</subfield><subfield code="c">1964.</subfield></datafield><datafield ind1=" " ind2=" " tag="300"><subfield code="a">v.</subfield></datafield><datafield ind1=" " ind2=" " tag="310"><subfield code="a">Weekly</subfield></datafield><datafield ind1="0" ind2=" " tag="362"><subfield code="a">Vol. 4, no. 19 [i.e. 44] (Apr. 22, 1964)-v. 5, no. 5 (July 22, 1964).</subfield></datafield><datafield ind1=" " ind2="4" tag="651"><subfield code="a">Saint Louis County (Mo.)</subfield><subfield code="v">Newspapers.</subfield></datafield><datafield ind1=" " ind2="4" tag="651"><subfield code="a">Ferguson (Mo.)</subfield><subfield code="v">Newspapers.</subfield></datafield><datafield ind1=" " ind2=" " tag="752"><subfield code="a">United States</subfield><subfield code="b">Missouri</subfield><subfield code="c">Saint Louis</subfield><subfield code="d">Ferguson.</subfield></datafield><datafield ind1="0" ind2="0" tag="780"><subfield code="t">Spirit (Ferguson, Mo.)</subfield><subfield code="w">(DLC)sn 91061133</subfield></datafield><datafield ind1="0" ind2="0" tag="785"><subfield code="t">St. Louis County spirit</subfield><subfield code="w">(DLC)sn 91061135</subfield></datafield><datafield ind1="1" ind2=" " tag="029"><subfield code="a">AU@</subfield><subfield code="b">000025897961</subfield></datafield></record>